<?xml version="1.0" encoding="UTF-8"?><record xmlns="http://www.loc.gov/MARC21/slim" xmlns:cinclude="http://apache.org/cocoon/include/1.0" xmlns:zs="http://www.loc.gov/zing/srw/">
  <leader>00521cz  a2200145n  4500</leader>
  <controlfield tag="001">n  95071226 </controlfield>
  <controlfield tag="003">DLC</controlfield>
  <controlfield tag="005">20000417125515.0</controlfield>
  <controlfield tag="008">950719n| acannaab           |a aaa      </controlfield>
  <datafield tag="010" ind1=" " ind2=" ">
    <subfield code="a">n  95071226 </subfield>
  </datafield>
  <datafield tag="040" ind1=" " ind2=" ">
    <subfield code="a">DLC</subfield>
    <subfield code="c">DLC</subfield>
    <subfield code="d">DLC</subfield>
  </datafield>
  <datafield tag="100" ind1="1" ind2="0">
    <subfield code="a">Bierkens, Marc F. P.,</subfield>
    <subfield code="d">1965-</subfield>
  </datafield>
  <datafield tag="400" ind1="1" ind2=" ">
    <subfield code="a">Bierkens, M. F. P.</subfield>
    <subfield code="q">(Marc F. P.),</subfield>
    <subfield code="d">1965-</subfield>
  </datafield>
  <datafield tag="670" ind1=" " ind2=" ">
    <subfield code="a">Complex confining layers, 1994:</subfield>
    <subfield code="b">t.p. (Marc F.P. Bierkens) p. 263 (b. 11-1-65)</subfield>
  </datafield>
  <datafield tag="670" ind1=" " ind2=" ">
    <subfield code="a">Upscaling and downscaling methods for environmental research, 2000:</subfield>
    <subfield code="b">CIP t.p. (Dr. M.F.P. Bierkens)</subfield>
  </datafield>
</record>